
@book{wolfgang_kessel_isobipm-gum_2004,
	title = {Die {ISO}/{BIPM}-{GUM} Sicht:Schätzwert \& Messunsicherheit},
	author = {Wolfgang Kessel, Braunschweig},
	date = {2004},
}

@online{noauthor_64640_nodate,
	title = {64640 {HLX} {\textbar} {OSRAM} {PIA}},
	url = {https://www.osram.de/ecat/Halogen-Niedervoltlampen%20ohne%20Reflektor-Halogen-Niedervoltlampen-Halogenlampen-Entertainment-Spezialbeleuchtung/de/de/GPS01_1028526/ZMP_1006242/},
	urldate = {2023-03-12},
	file = {64640 HLX | OSRAM PIA:/home/bob/Zotero/storage/8N3AXF9X/ZMP_1006242.html:text/html},
}

@online{noauthor_2450_nodate,
	title = {2450 Source Measure Unit ({SMU}) Instrument Datasheet},
	url = {https://www.tek.com/en/datasheet/smu-2400-graphical-sourcemeter/model-2450-touchscreen-source-measure-unit-smu-instrument-},
	abstract = {Learn about the 2450, Keithley's next-generation {SourceMeter} source measure unit ({SMU}) instrument that truly brings Ohm's law (current, voltage, and resistance) testing right to your fingertips!},
	urldate = {2023-03-12},
	langid = {english},
}

@misc{knoll_solarzelle_nodate,
	title = {Die Solarzelle},
	publisher = {Institut für Experimentalphysik {KFU}},
	author = {Knoll, Peter and Schöffmann, A and Platauf, Günther},
	langid = {german},
	note = {guenther.paltauf@uni-graz.at},
}

@misc{hohenau_warmepumpe_2014,
	title = {Wärmepumpe},
	shorttitle = {Erste Version basierend auf der Betriebsanleitung von {LH}.},
	publisher = {Institut für Physik, Karl-Franzens Universität Graz},
	author = {Hohenau, Andreas},
	date = {2014-08-28},
	langid = {german},
	note = {andreas.hohenau@uni-graz.at},
}

@online{noauthor_407a_nodate,
	title = {407A - Newport Optical Power Meters - {BRL} Test},
	url = {https://www.brltest.com/index.php?main_page=product_info&products_id=4317},
	urldate = {2023-03-21},
	file = {407A - Newport Optical Power Meters - BRL Test:/home/bob/Zotero/storage/CDFURR7B/index.html:text/html},
}
